<?xml version="1.0" encoding="UTF-8"?><collection xmlns="http://www.loc.gov/MARC21/slim"><record><leader>00458nam--2200133-i-4500</leader><controlfield tag="001">000023918</controlfield><controlfield tag="002">20161230</controlfield><controlfield tag="005">20161230201035</controlfield><controlfield tag="008">060222s1000------------r-----000-0-eng-d</controlfield><datafield ind1=" " ind2=" " tag="080"><subfield code="a">621.385.833:535.317.22:537.533.35</subfield></datafield><datafield ind1=" " ind2=" " tag="100"><subfield code="a">Gruschel, Wolfgang</subfield></datafield><datafield ind1=" " ind2=" " tag="245"><subfield code="a">Theoretische untersuchungen zum einfluss der defokussierung auf den elektronenmikroskopischen kontrast von gitterfehlern. dissertation</subfield></datafield><datafield ind1=" " ind2=" " tag="260"><subfield code="a">Stuttgart, Universitat, 1979. 146p</subfield></datafield><datafield ind1=" " ind2=" " tag="852"><subfield code="a">48352</subfield></datafield></record></collection>